@BOOK{book,
	    AUTHOR = "author",
	    TITLE = "book title",
	    PUBLISHER = {publishing company},
	    ADDRESS = {where published},
	    YEAR = year published}
}